% This file was created with JabRef devel - 1st edition family.
% Encoding: UTF8


@Article{Hinchliffe:2015qma,
  Title                    = {{Luminosity goals for a 100-TeV pp collider}},
  Author                   = {Hinchliffe, Ian and Kotwal, Ashutosh and Mangano, Michelangelo L. and Quigg, Chris and Wang, Lian-Tao},
  Year                     = {2015},
  Eprint                   = {1504.06108},

  Archiveprefix            = {arXiv},
  Primaryclass             = {hep-ph},
  Reportnumber             = {CERN-PH-TH-2015-089, FERMILAB-CONF-15-125-E-T, LBNL-176221},
  Slaccitation             = {%%CITATION = ARXIV:1504.06108;%%}
}

@Article{Ellis:2015xba,
  Title                    = {{Reaching for Squarks and Gauginos at a 100\,TeV p-p Collider}},
  Author                   = {Ellis, Sebastian A. R. and Zheng, Bob},
  Year                     = {2015},
  Eprint                   = {1506.02644},

  Archiveprefix            = {arXiv},
  Primaryclass             = {hep-ph},
  Reportnumber             = {MCTP-15-11},
  Slaccitation             = {%%CITATION = ARXIV:1506.02644;%%}
}

@Conference{FCCweek2015:Benedikt,
  Title                    = {FCC study overview and status},
  Author                   = {Michael Benedikt},
  Date                     = {2015.03.23},
  Eventdate                = {23-29 March 2015},
  Eventtitle               = {FCC Week 2015},
  Location                 = {Washington D.~C.},
  Url                      = {http://indico.cern.ch/event/340703/session/108/contribution/186},
  Year                     = {2015},

  Owner                    = {Sho Iwamoto},
  Timestamp                = {2015.06.15}
}

@Conference{FCCweek2015:Schulte,
  Title                    = {FCC-hh machine overview},
  Author                   = {Daniel Schulte},
  Date                     = {2015.03.23},
  Eventdate                = {23-29 March 2015},
  Eventtitle               = {FCC Week 2015},
  Location                 = {Washington D.~C.},
  Url                      = {http://indico.cern.ch/event/340703/session/109/contribution/189},
  Year                     = {2015},

  Owner                    = {Sho Iwamoto},
  Timestamp                = {2015.06.15}
}

@Misc{CEPC-SppC-CDR,
  Title                    = {CEPC--SppC Preliminary Conceptual Design Report},
  Url                      = {http://cepc.ihep.ac.cn/preCDR/volume.html},

  Owner                    = {Sho Iwamoto},
  Timestamp                = {2015.06.15}
}

@Article{Arbey:2015hca,
  Title                    = {{Monojet Searches for MSSM Simplified Models}},
  Author                   = {Arbey, A. and Battaglia, M. and Mahmoudi, F.},
  Year                     = {2015},
  Eprint                   = {1506.02148},

  Archiveprefix            = {arXiv},
  Primaryclass             = {hep-ph},
  Reportnumber             = {CERN-PH-TH-2015-133},
  Slaccitation             = {%%CITATION = ARXIV:1506.02148;%%}
}

@Article{Yao:2013ika,
  Title                    = {{Studies of measuring Higgs self-coupling with $HH\rightarrow b\bar b \gamma\gamma$ at the future hadron colliders}},
  Author                   = {Yao, Weiming},
  Year                     = {2013},
  Eprint                   = {1308.6302},

  Archiveprefix            = {arXiv},
  Primaryclass             = {hep-ph},
  Slaccitation             = {%%CITATION = ARXIV:1308.6302;%%}
}

@Article{Khoze:2015sra,
  Title                    = {{Spectroscopy of Scalar Mediators to Dark Matter at the LHC and at 100\,TeV}},
  Author                   = {Khoze, Valentin V and Ro, Gunnar and Spannowsky, Michael},
  Year                     = {2015},
  Eprint                   = {1505.03019},

  Archiveprefix            = {arXiv},
  Primaryclass             = {hep-ph},
  Reportnumber             = {IPPP-15-19, DCPT-15-38},
  Slaccitation             = {%%CITATION = ARXIV:1505.03019;%%}
}

@Article{Feng:2015wqa,
  Title                    = {{Long-Lived Sleptons at the LHC and a 100\,TeV Proton Collider}},
  Author                   = {Feng, Jonathan L. and Iwamoto, Sho and Shadmi, Yael and Tarem, Shlomit},
  Year                     = {2015},
  Eprint                   = {1505.02996},

  Archiveprefix            = {arXiv},
  Primaryclass             = {hep-ph},
  Reportnumber             = {UCI-TR-2015-02},
  Slaccitation             = {%%CITATION = ARXIV:1505.02996;%%}
}

@Article{Baglio:2012np,
  Title                    = {{The measurement of the Higgs self-coupling at the LHC: theoretical status}},
  Author                   = {Baglio, J. and Djouadi, A. and Gröber, R. and Mühlleitner, M.M. and Quevillon, J. and others},
  Journal                  = {JHEP},
  Year                     = {2013},
  Doi                      = {10.1007/JHEP04(2013)151},
  Eprint                   = {1212.5581},
  Pages                    = {151},
  Volume                   = {1304},

  Archiveprefix            = {arXiv},
  Primaryclass             = {hep-ph},
  Reportnumber             = {KA-TP-44-2012, SFB-CPP-12-102, LPT-ORSAY-12-124, PSI-PR-12-10},
  Slaccitation             = {%%CITATION = ARXIV:1212.5581;%%}
}

@Article{Rizzo:2015yha,
  Title                    = {{Mass Reach Scaling for Future Hadron Colliders}},
  Author                   = {Rizzo, Thomas G.},
  Journal                  = {Eur.Phys.J.},
  Year                     = {2015},
  Doi                      = {10.1140/epjc/s10052-015-3381-1},
  Eprint                   = {1501.05583},
  Number                   = {4},
  Pages                    = {161},
  Volume                   = {C75},

  Archiveprefix            = {arXiv},
  Primaryclass             = {hep-ph},
  Reportnumber             = {SLAC-PUB-16206},
  Slaccitation             = {%%CITATION = ARXIV:1501.05583;%%}
}

@Article{Barletta:2014vea,
  Title                    = {{Future hadron colliders: From physics perspectives to technology R\&D}},
  Author                   = {Barletta, William and Battaglia, Marco and Klute, Markus and Mangano, Michelangelo and Prestemon, Soren and others},
  Journal                  = {Nucl.Instrum.Meth.},
  Year                     = {2014},
  Doi                      = {10.1016/j.nima.2014.07.010},
  Pages                    = {352-368},
  Volume                   = {A764},

  Slaccitation             = {%%CITATION = NUIMA,A764,352;%%}
}

@Article{Richter:2014pga,
  Title                    = {{High Energy Colliding Beams; What Is Their Future?}},
  Author                   = {Richter, Burton},
  Journal                  = {Rev.Accel.Sci.Tech.},
  Year                     = {2014},
  Doi                      = {10.1142/S1793626814300011},
  Eprint                   = {1409.1196},
  Pages                    = {1-8},
  Volume                   = {7},

  Archiveprefix            = {arXiv},
  Primaryclass             = {hep-ex},
  Reportnumber             = {SLAC-PUB-16069},
  Slaccitation             = {%%CITATION = ARXIV:1409.1196;%%}
}

@Article{Shao:2013bz,
  Title                    = {{Threshold resummation effects in Higgs boson pair production at the LHC}},
  Author                   = {Shao, Ding Yu and Li, Chong Sheng and Li, Hai Tao and Wang, Jian},
  Journal                  = {JHEP},
  Year                     = {2013},
  Doi                      = {10.1007/JHEP07(2013)169},
  Eprint                   = {1301.1245},
  Pages                    = {169},
  Volume                   = {1307},

  Archiveprefix            = {arXiv},
  Primaryclass             = {hep-ph},
  Slaccitation             = {%%CITATION = ARXIV:1301.1245;%%}
}

@Article{Kotwal:2015rba,
  Title                    = {{Double Higgs Production in the 4$\tau$ Channel from Resonances in Longitudinal Vector Boson Scattering at a 100\,TeV Collider}},
  Author                   = {Kotwal, A.V. and Chekanov, S. and Low, M.},
  Journal                  = {Phys.Rev.},
  Year                     = {2015},
  Doi                      = {10.1103/PhysRevD.91.114018},
  Eprint                   = {1504.08042},
  Pages                    = {114018},
  Volume                   = {D91},

  Archiveprefix            = {arXiv},
  Primaryclass             = {hep-ph},
  Slaccitation             = {%%CITATION = ARXIV:1504.08042;%%}
}

@Article{Anderson:2013kxz,
  Title                    = {{Snowmass Energy Frontier Simulations}},
  Author                   = {Anderson, Jacob and Avetisyan, Aram and Brock, Raymond and Chekanov, Sergei and Cohen, Timothy and others},
  Year                     = {2013},
  Eprint                   = {1309.1057},

  Archiveprefix            = {arXiv},
  Primaryclass             = {hep-ex},
  Reportnumber             = {FERMILAB-TM-2566-CMS-E-PPD},
  Slaccitation             = {%%CITATION = ARXIV:1309.1057;%%}
}

@Article{Cohen:2013xda,
  Title                    = {{SUSY Simplified Models at 14, 33, and 100\,TeV Proton Colliders}},
  Author                   = {Cohen, Timothy and Golling, Tobias and Hance, Mike and Henrichs, Anna and Howe, Kiel and others},
  Journal                  = {JHEP},
  Year                     = {2014},
  Doi                      = {10.1007/JHEP04(2014)117},
  Eprint                   = {1311.6480},
  Pages                    = {117},
  Volume                   = {1404},

  Archiveprefix            = {arXiv},
  Primaryclass             = {hep-ph},
  Reportnumber             = {SLAC-PUB-15857},
  Slaccitation             = {%%CITATION = ARXIV:1311.6480;%%}
}

@Article{Avetisyan:2013onh,
  Title                    = {{Methods and Results for Standard Model Event Generation at $\sqrt{s}=14$\,TeV, 33\,TeV and 100\,TeV Proton Colliders (A Snowmass Whitepaper)}},
  Author                   = {Avetisyan, Aram and Campbell, John M. and Cohen, Timothy and Dhingra, Nitish and Hirschauer, James and others},
  Year                     = {2013},
  Eprint                   = {1308.1636},

  Archiveprefix            = {arXiv},
  Primaryclass             = {hep-ex},
  Reportnumber             = {FERMILAB-FN-0965-T, SNOW13-00167},
  Slaccitation             = {%%CITATION = ARXIV:1308.1636;%%}
}

@Conference{SLACFCC2014:Selvaggi,
  Title                    = {Fast Detector Simulation for Sensitivity Studies},
  Author                   = {Michele Selvaggi},
  Date                     = {2014.04.23},
  Eventdate                = {23-25 April 2014},
  Eventtitle               = {Workshop on Physics at a 100\,TeV Collider},
  Location                 = {SLAC},
  Url                      = {https://indico.fnal.gov/contributionDisplay.py?contribId=5&confId=7633},
  Year                     = {2014},

  Owner                    = {Sho Iwamoto},
  Timestamp                = {2015.06.15}
}

@Conference{SLACFCC2014:Hirschauer,
  Title                    = {Standard Model Backgrounds at 100\,TeV},
  Author                   = {James Hirschauer},
  Date                     = {2014.04.23},
  Eventdate                = {23-25 April 2014},
  Eventtitle               = {Workshop on Physics at a 100\,TeV Collider},
  Location                 = {SLAC},
  Url                      = {https://indico.fnal.gov/contributionDisplay.py?contribId=6&confId=7633},
  Year                     = {2014},

  Owner                    = {Sho Iwamoto},
  Timestamp                = {2015.06.15}
}

@Article{Anderson:2013ida,
  Title                    = {{Excited quark production at a 100\,TeV VLHC}},
  Author                   = {Anderson, Jacob},
  Year                     = {2013},
  Eprint                   = {1309.0845},

  Archiveprefix            = {arXiv},
  Primaryclass             = {hep-ex},
  Reportnumber             = {FERMILAB-TM-2565-E-PPD},
  Slaccitation             = {%%CITATION = ARXIV:1309.0845;%%}
}

@Article{Dawson:2013bba,
  Title                    = {{Working Group Report: Higgs Boson}},
  Author                   = {Dawson, Sally and Gritsan, Andrei and Logan, Heather and Qian, Jianming and Tully, Chris and others},
  Year                     = {2013},
  Eprint                   = {1310.8361},

  Archiveprefix            = {arXiv},
  Primaryclass             = {hep-ex},
  Reportnumber             = {FERMILAB-CONF-13-671-T},
  Slaccitation             = {%%CITATION = ARXIV:1310.8361;%%}
}

@Article{Hook:2014rka,
  Title                    = {{Unbroken $SU(2)$ at a 100\,TeV collider}},
  Author                   = {Hook, Anson and Katz, Andrey},
  Journal                  = {JHEP},
  Year                     = {2014},
  Doi                      = {10.1007/JHEP09(2014)175},
  Eprint                   = {1407.2607},
  Pages                    = {175},
  Volume                   = {1409},

  Archiveprefix            = {arXiv},
  Primaryclass             = {hep-ph},
  Slaccitation             = {%%CITATION = ARXIV:1407.2607;%%}
}

@Article{Cvetic:1991gk,
  Title                    = {{Rare decays as diagnostics for Z-prime gauge couplings at hadron colliders}},
  Author                   = {Cvetic, Mirjam and Langacker, Paul},
  Journal                  = {Phys.Rev.},
  Year                     = {1992},
  Doi                      = {10.1103/PhysRevD.46.R14},
  Pages                    = {R14-R18},
  Volume                   = {D46},

  Reportnumber             = {UPR-0487-T},
  Slaccitation             = {%%CITATION = PHRVA,D46,R14;%%}
}

@Article{Ciafaloni:2006qu,
  Title                    = {{The Importance of weak bosons emission at LHC}},
  Author                   = {Ciafaloni, Paolo and Comelli, Denis},
  Journal                  = {JHEP},
  Year                     = {2006},
  Doi                      = {10.1088/1126-6708/2006/09/055},
  Eprint                   = {hep-ph/0604070},
  Pages                    = {055},
  Volume                   = {0609},

  Archiveprefix            = {arXiv},
  Primaryclass             = {hep-ph},
  Slaccitation             = {%%CITATION = HEP-PH/0604070;%%}
}

@Article{Godfrey:2013eta,
  Title                    = {{$Z'$ Discovery Reach at Future Hadron Colliders: A Snowmass White Paper}},
  Author                   = {Godfrey, Stephen and Martin, Travis},
  Year                     = {2013},
  Eprint                   = {1309.1688},

  Archiveprefix            = {arXiv},
  Primaryclass             = {hep-ph},
  Slaccitation             = {%%CITATION = ARXIV:1309.1688;%%}
}

@Article{Bell:2010gi,
  Title                    = {{Electroweak Sudakov Logarithms and Real Gauge-Boson Radiation in the TeV Region}},
  Author                   = {Bell, G. and Kuhn, J.H. and Rittinger, J.},
  Journal                  = {Eur.Phys.J.},
  Year                     = {2010},
  Doi                      = {10.1140/epjc/s10052-010-1489-x},
  Eprint                   = {1004.4117},
  Pages                    = {659-671},
  Volume                   = {C70},

  Archiveprefix            = {arXiv},
  Primaryclass             = {hep-ph},
  Reportnumber             = {TTP10-22},
  Slaccitation             = {%%CITATION = ARXIV:1004.4117;%%}
}

@Article{Rizzo:2014xma,
  Title                    = {{Exploring new gauge bosons at a 100\,TeV collider}},
  Author                   = {Rizzo, Thomas G.},
  Journal                  = {Phys.Rev.},
  Year                     = {2014},
  Doi                      = {10.1103/PhysRevD.89.095022},
  Eprint                   = {1403.5465},
  Number                   = {9},
  Pages                    = {095022},
  Volume                   = {D89},

  Archiveprefix            = {arXiv},
  Primaryclass             = {hep-ph},
  Reportnumber             = {SLAC-PUB-15917},
  Slaccitation             = {%%CITATION = ARXIV:1403.5465;%%}
}

@Article{Baur:2006sn,
  Title                    = {{Weak Boson Emission in Hadron Collider Processes}},
  Author                   = {Baur, U.},
  Journal                  = {Phys.Rev.},
  Year                     = {2007},
  Doi                      = {10.1103/PhysRevD.75.013005},
  Eprint                   = {hep-ph/0611241},
  Pages                    = {013005},
  Volume                   = {D75},

  Archiveprefix            = {arXiv},
  Primaryclass             = {hep-ph},
  Reportnumber             = {UB-HET-06-02},
  Slaccitation             = {%%CITATION = HEP-PH/0611241;%%}
}

@Article{Bramante:2014tba,
  Title                    = {{Relic neutralino surface at a 100\,TeV collider}},
  Author                   = {Bramante, Joseph and Fox, Patrick J. and Martin, Adam and Ostdiek, Bryan and Plehn, Tilman and others},
  Journal                  = {Phys.Rev.},
  Year                     = {2015},
  Doi                      = {10.1103/PhysRevD.91.054015},
  Eprint                   = {1412.4789},
  Number                   = {5},
  Pages                    = {054015},
  Volume                   = {D91},

  Archiveprefix            = {arXiv},
  Primaryclass             = {hep-ph},
  Reportnumber             = {FERMILAB-PUB-14-517-T, IPMU14-0346},
  Slaccitation             = {%%CITATION = ARXIV:1412.4789;%%}
}

@Article{He:2014xla,
  Title                    = {{Probing Higgs Boson $CP$ Properties with $t\bar{t}H$ at the LHC and the 100\,TeV $pp$ Collider}},
  Author                   = {He, Xiao-Gang and Li, Guan-Nan and Zheng, Ya-Juan},
  Year                     = {2014},
  Eprint                   = {1501.00012},

  Archiveprefix            = {arXiv},
  Primaryclass             = {hep-ph},
  Slaccitation             = {%%CITATION = ARXIV:1501.00012;%%}
}

@Article{Auerbach:2014xua,
  Title                    = {{Sensitivity to new high-mass states decaying to $t\bar{t}$ at a 100\,TeV collider}},
  Author                   = {Auerbach, B. and Chekanov, S. and Love, J. and Proudfoot, J. and Kotwal, A.V.},
  Journal                  = {Phys.Rev.},
  Year                     = {2015},
  Doi                      = {10.1103/PhysRevD.91.034014},
  Eprint                   = {1412.5951},
  Number                   = {3},
  Pages                    = {034014},
  Volume                   = {D91},

  Archiveprefix            = {arXiv},
  Primaryclass             = {hep-ph},
  Slaccitation             = {%%CITATION = ARXIV:1412.5951;%%}
}

@Article{Assadi:2014nea,
  Title                    = {{Higgs Factory and 100\,TeV Hadron Collider: Opportunity for a New World Laboratory within a Decade}},
  Author                   = {Assadi, Saeed and Collins, Chase and McIntyre, Peter and Gerity, James and Kellams, Joshua and others},
  Year                     = {2014},
  Eprint                   = {1402.5973},

  Archiveprefix            = {arXiv},
  Primaryclass             = {physics.acc-ph},
  Slaccitation             = {%%CITATION = ARXIV:1402.5973;%%}
}

@Article{Hajer:2015gka,
  Title                    = {{Heavy Higgs Bosons at 14\,TeV and 100\,TeV}},
  Author                   = {Hajer, Jan and Li, Ying-Ying and Liu, Tao and Shiu, John F. H.},
  Year                     = {2015},
  Eprint                   = {1504.07617},

  Archiveprefix            = {arXiv},
  Primaryclass             = {hep-ph},
  Slaccitation             = {%%CITATION = ARXIV:1504.07617;%%}
}

@Article{Papaefstathiou:2015iba,
  Title                    = {{Discovering Higgs boson pair production through rare final states at a 100\,TeV collider}},
  Author                   = {Papaefstathiou, Andreas},
  Year                     = {2015},
  Eprint                   = {1504.04621},

  Archiveprefix            = {arXiv},
  Primaryclass             = {hep-ph},
  Slaccitation             = {%%CITATION = ARXIV:1504.04621;%%}
}

@Article{Li:2015yia,
  Title                    = {{Probe Higgs boson pair production via the $3 \ell 2 j$ + missing $E_T$ mode}},
  Author                   = {Li, Qiang and Li, Zhao and Yan, Qi-Shu and Zhao, Xiaoran},
  Year                     = {2015},
  Eprint                   = {1503.07611},

  Archiveprefix            = {arXiv},
  Primaryclass             = {hep-ph},
  Slaccitation             = {%%CITATION = ARXIV:1503.07611;%%}
}

@Article{Rizzo:1996pc,
  Title                    = {{Searches for new gauge bosons at future colliders}},
  Author                   = {Rizzo, Thomas G.},
  Journal                  = {eConf},
  Year                     = {1996},
  Eprint                   = {hep-ph/9609248},
  Pages                    = {NEW142},
  Url                      = {http://www.slac.stanford.edu/econf/C960625/papers/PDF/NEW142.PDF},
  Volume                   = {C960625},

  Archiveprefix            = {arXiv},
  Primaryclass             = {hep-ph},
  Reportnumber             = {SLAC-PUB-7279, FERMILAB-VLHCPUB-028, SNOWMASS-1996-NEW142},
  Slaccitation             = {%%CITATION = HEP-PH/9609248;%%}
}

@Article{Godfrey:2002tna,
  Title                    = {{Update of discovery limits for extra neutral gauge bosons at hadron colliders}},
  Author                   = {Godfrey, Stephen},
  Journal                  = {eConf},
  Year                     = {2001},
  Eprint                   = {hep-ph/0201093},
  Pages                    = {P344},
  Url                      = {http://www.slac.stanford.edu/econf/C010630/papers/P344.PDF},
  Volume                   = {C010630},

  Archiveprefix            = {arXiv},
  Primaryclass             = {hep-ph},
  Reportnumber             = {SNOWMASS-2001-P344},
  Slaccitation             = {%%CITATION = HEP-PH/0201093;%%}
}

@Article{Barr:2014sga,
  Title                    = {{Higgs Self-Coupling Measurements at a 100\,TeV Hadron Collider}},
  Author                   = {Barr, Alan J. and Dolan, Matthew J. and Englert, Christoph and Ferreira de Lima, Danilo Enoque and Spannowsky, Michael},
  Journal                  = {JHEP},
  Year                     = {2015},
  Doi                      = {10.1007/JHEP02(2015)016},
  Eprint                   = {1412.7154},
  Pages                    = {016},
  Volume                   = {1502},

  Archiveprefix            = {arXiv},
  Primaryclass             = {hep-ph},
  Reportnumber             = {IPPP-14-110, DCPT-14-220, SLAC-PUB-16194},
  Slaccitation             = {%%CITATION = ARXIV:1412.7154;%%}
}

@Article{Azatov:2015oxa,
  Title                    = {{Effective field theory analysis of double Higgs production via gluon fusion}},
  Author                   = {Azatov, Aleksandr and Contino, Roberto and Panico, Giuliano and Son, Minho},
  Year                     = {2015},
  Eprint                   = {1502.00539},

  Archiveprefix            = {arXiv},
  Primaryclass             = {hep-ph},
  Reportnumber             = {CERN-PH-TH-2015-015},
  Slaccitation             = {%%CITATION = ARXIV:1502.00539;%%}
}

@Article{Alves:2014cda,
  Title                    = {{Running Electroweak Couplings as a Probe of New Physics}},
  Author                   = {Alves, Daniele S. M. and Galloway, Jamison and Ruderman, Joshua T. and Walsh, Jonathan R.},
  Journal                  = {JHEP},
  Year                     = {2015},
  Doi                      = {10.1007/JHEP02(2015)007},
  Eprint                   = {1410.6810},
  Pages                    = {007},
  Volume                   = {1502},

  Archiveprefix            = {arXiv},
  Primaryclass             = {hep-ph},
  Slaccitation             = {%%CITATION = ARXIV:1410.6810;%%}
}

@Article{Curtin:2014cca,
  Title                    = {{Illuminating Dark Photons with High-Energy Colliders}},
  Author                   = {Curtin, David and Essig, Rouven and Gori, Stefania and Shelton, Jessie},
  Journal                  = {JHEP},
  Year                     = {2015},
  Doi                      = {10.1007/JHEP02(2015)157},
  Eprint                   = {1412.0018},
  Pages                    = {157},
  Volume                   = {1502},

  Archiveprefix            = {arXiv},
  Primaryclass             = {hep-ph},
  Reportnumber             = {YITP-SB-14-49},
  Slaccitation             = {%%CITATION = ARXIV:1412.0018;%%}
}

@Article{Yu:2013wta,
  Title                    = {{Di-jet resonances at future hadron colliders: A Snowmass whitepaper}},
  Author                   = {Yu, Felix},
  Year                     = {2013},
  Eprint                   = {1308.1077},

  Archiveprefix            = {arXiv},
  Primaryclass             = {hep-ph},
  Reportnumber             = {FERMILAB-CONF-13-304-T},
  Slaccitation             = {%%CITATION = ARXIV:1308.1077;%%}
}

@Article{Larkoski:2014bia,
  Title                    = {{Aspects of jets at 100\,TeV}},
  Author                   = {Larkoski, Andrew J. and Thaler, Jesse},
  Journal                  = {Phys.Rev.},
  Year                     = {2014},
  Doi                      = {10.1103/PhysRevD.90.034010},
  Eprint                   = {1406.7011},
  Number                   = {3},
  Pages                    = {034010},
  Volume                   = {D90},

  Archiveprefix            = {arXiv},
  Primaryclass             = {hep-ph},
  Reportnumber             = {MIT-CTP-4563},
  Slaccitation             = {%%CITATION = ARXIV:1406.7011;%%}
}

@Article{Low:2014cba,
  Title                    = {{Neutralino dark matter at 14\,TeV and 100\,TeV}},
  Author                   = {Low, Matthew and Wang, Lian-Tao},
  Journal                  = {JHEP},
  Year                     = {2014},
  Doi                      = {10.1007/JHEP08(2014)161},
  Eprint                   = {1404.0682},
  Pages                    = {161},
  Volume                   = {1408},

  Archiveprefix            = {arXiv},
  Primaryclass             = {hep-ph},
  Reportnumber             = {EFI-14-6},
  Slaccitation             = {%%CITATION = ARXIV:1404.0682;%%}
}

@Article{Chen:2014xra,
  Title                    = {{Double take on new physics in double Higgs boson production}},
  Author                   = {Chen, Chuan-Ren and Low, Ian},
  Journal                  = {Phys.Rev.},
  Year                     = {2014},
  Doi                      = {10.1103/PhysRevD.90.013018},
  Eprint                   = {1405.7040},
  Number                   = {1},
  Pages                    = {013018},
  Volume                   = {D90},

  Archiveprefix            = {arXiv},
  Primaryclass             = {hep-ph},
  Slaccitation             = {%%CITATION = ARXIV:1405.7040;%%}
}

@Article{Cohen:2014hxa,
  Title                    = {{Boosting Stop Searches with a 100\,TeV Proton Collider}},
  Author                   = {Cohen, Timothy and D'Agnolo, Raffaele Tito and Hance, Mike and Lou, Hou Keong and Wacker, Jay G.},
  Journal                  = {JHEP},
  Year                     = {2014},
  Doi                      = {10.1007/JHEP11(2014)021},
  Eprint                   = {1406.4512},
  Pages                    = {021},
  Volume                   = {1411},

  Archiveprefix            = {arXiv},
  Primaryclass             = {hep-ph},
  Reportnumber             = {SLAC-PUB-15987},
  Slaccitation             = {%%CITATION = ARXIV:1406.4512;%%}
}

@Article{Cirelli:2014dsa,
  Title                    = {{Wino-like Minimal Dark Matter and future colliders}},
  Author                   = {Cirelli, Marco and Sala, Filippo and Taoso, Marco},
  Journal                  = {JHEP},
  Year                     = {2014},
  Doi                      = {10.1007/JHEP01(2015)041, 10.1007/JHEP10(2014)033},
  Eprint                   = {1407.7058},
  Pages                    = {033},
  Volume                   = {1410},

  Archiveprefix            = {arXiv},
  Primaryclass             = {hep-ph},
  Slaccitation             = {%%CITATION = ARXIV:1407.7058;%%}
}

@Article{Curtin:2014jma,
  Title                    = {{Testing Electroweak Baryogenesis with Future Colliders}},
  Author                   = {Curtin, David and Meade, Patrick and Yu, Chiu-Tien},
  Journal                  = {JHEP},
  Year                     = {2014},
  Doi                      = {10.1007/JHEP11(2014)127},
  Eprint                   = {1409.0005},
  Pages                    = {127},
  Volume                   = {1411},

  Archiveprefix            = {arXiv},
  Primaryclass             = {hep-ph},
  Reportnumber             = {YITP-SB-14-33},
  Slaccitation             = {%%CITATION = ARXIV:1409.0005;%%}
}

@Article{Berlin:2015aba,
  Title                    = {{Neutralinos in Vector Boson Fusion at High Energy Colliders}},
  Author                   = {Berlin, Asher and Lin, Tongyan and Low, Matthew and Wang, Lian-Tao},
  Journal                  = {Phys.Rev.},
  Year                     = {2015},
  Doi                      = {10.1103/PhysRevD.91.115002},
  Eprint                   = {1502.05044},
  Number                   = {11},
  Pages                    = {115002},
  Volume                   = {D91},

  Archiveprefix            = {arXiv},
  Primaryclass             = {hep-ph},
  Reportnumber             = {EFI-15-3},
  Slaccitation             = {%%CITATION = ARXIV:1502.05044;%%}
}

@Article{Craig:2014lda,
  Title                    = {{The Higgs Portal Above Threshold}},
  Author                   = {Craig, Nathaniel and Lou, Hou Keong and McCullough, Matthew and Thalapillil, Arun},
  Year                     = {2014},
  Eprint                   = {1412.0258},

  Archiveprefix            = {arXiv},
  Primaryclass             = {hep-ph},
  Slaccitation             = {%%CITATION = ARXIV:1412.0258;%%}
}

@Article{Jung:2013zya,
  Title                    = {{Gaugino physics of split supersymmetry spectra at the LHC and future proton colliders}},
  Author                   = {Jung, Sunghoon and Wells, James D.},
  Journal                  = {Phys.Rev.},
  Year                     = {2014},
  Doi                      = {10.1103/PhysRevD.89.075004},
  Eprint                   = {1312.1802},
  Number                   = {7},
  Pages                    = {075004},
  Volume                   = {D89},

  Archiveprefix            = {arXiv},
  Primaryclass             = {hep-ph},
  Reportnumber             = {KIAS-P13064},
  Slaccitation             = {%%CITATION = ARXIV:1312.1802;%%}
}

@Article{Beauchesne:2015jra,
  Title                    = {{LHC constraints on Mini-Split anomaly and gauge mediation and prospects for a future 100\,TeV pp collider}},
  Author                   = {Beauchesne, Hugues and Earl, Kevin and Gregoire, Thomas},
  Year                     = {2015},
  Eprint                   = {1503.03099},

  Archiveprefix            = {arXiv},
  Primaryclass             = {hep-ph},
  Slaccitation             = {%%CITATION = ARXIV:1503.03099;%%}
}

@Article{Agashe:2014wba,
  Title                    = {{Photon cascade decay of the warped graviton at LHC14 and a 100\,TeV hadron collider}},
  Author                   = {Agashe, Kaustubh and Chen, Chien-Yi and Davoudiasl, Hooman and Kim, Doojin},
  Journal                  = {Phys.Rev.},
  Year                     = {2015},
  Doi                      = {10.1103/PhysRevD.91.076002},
  Eprint                   = {1412.6215},
  Number                   = {7},
  Pages                    = {076002},
  Volume                   = {D91},

  Archiveprefix            = {arXiv},
  Primaryclass             = {hep-ph},
  Reportnumber             = {UMD-PP-014-027},
  Slaccitation             = {%%CITATION = ARXIV:1412.6215;%%}
}

@Article{Chen:2014oha,
  Title                    = {{Z with missing energy as a warped graviton signal at hadron colliders}},
  Author                   = {Chen, Chien-Yi and Davoudiasl, Hooman and Kim, Doojin},
  Journal                  = {Phys.Rev.},
  Year                     = {2014},
  Doi                      = {10.1103/PhysRevD.89.096007},
  Eprint                   = {1403.3399},
  Number                   = {9},
  Pages                    = {096007},
  Volume                   = {D89},

  Archiveprefix            = {arXiv},
  Primaryclass             = {hep-ph},
  Slaccitation             = {%%CITATION = ARXIV:1403.3399;%%}
}

@Article{Agashe:2013kyb,
  Title                    = {{Warped Extra Dimensional Benchmarks for Snowmass 2013}},
  Author                   = {Agashe, Kaustubh and Antipin, Oleg and Backovic, Mihailo and Effron, Aaron and Emerman, Alex and others},
  Year                     = {2013},
  Eprint                   = {1309.7847},

  Archiveprefix            = {arXiv},
  Primaryclass             = {hep-ph},
  Slaccitation             = {%%CITATION = ARXIV:1309.7847;%%}
}

@Article{Berge:2013csa,
  Title                    = {{Charge Asymmetry in Top Pair plus Jet Production -- A Snowmass White Paper}},
  Author                   = {Berge, Stefan and Westhoff, Susanne},
  Year                     = {2013},
  Eprint                   = {1307.6225},

  Archiveprefix            = {arXiv},
  Primaryclass             = {hep-ph},
  Reportnumber             = {MITP-13-043, PITT-PACC-1306},
  Slaccitation             = {%%CITATION = ARXIV:1307.6225;%%}
}

@Article{Stolarski:2013msa,
  Title                    = {{Reach in All Hadronic Stop Decays: A Snowmass White Paper}},
  Author                   = {Stolarski, Daniel},
  Year                     = {2013},
  Eprint                   = {1309.1514},

  Archiveprefix            = {arXiv},
  Primaryclass             = {hep-ph},
  Reportnumber             = {SNOW13-00150},
  Slaccitation             = {%%CITATION = ARXIV:1309.1514;%%}
}

@Article{Andeen:2013zca,
  Title                    = {{Sensitivity to the Single Production of Vector-Like Quarks at an Upgraded Large Hadron Collider}},
  Author                   = {Andeen, Tim and Bernard, Clare and Black, Kevin and Childres, Taylor and Dell'Asta, Lidia and others},
  Year                     = {2013},
  Eprint                   = {1309.1888},

  Archiveprefix            = {arXiv},
  Primaryclass             = {hep-ph},
  Slaccitation             = {%%CITATION = ARXIV:1309.1888;%%}
}

@Article{Zhou:2013raa,
  Title                    = {{Sensitivity of future collider facilities to WIMP pair production via effective operators and light mediators}},
  Author                   = {Zhou, Ning and Berge, David and Wang, LianTao and Whiteson, Daniel and Tait, Tim},
  Year                     = {2013},
  Eprint                   = {1307.5327},

  Archiveprefix            = {arXiv},
  Primaryclass             = {hep-ex},
  Slaccitation             = {%%CITATION = ARXIV:1307.5327;%%}
}

@Article{Apanasevich:2013cta,
  Title                    = {{Sensitivity of potential future $pp$ colliders to quark compositeness}},
  Author                   = {Apanasevich, Leonard and Upadhyay, Suneet and Varelas, Nikos and Whiteson, Daniel and Yu, Felix},
  Year                     = {2013},
  Eprint                   = {1307.7149},

  Archiveprefix            = {arXiv},
  Primaryclass             = {hep-ex},
  Reportnumber             = {FERMILAB-CONF-13-299-T},
  Slaccitation             = {%%CITATION = ARXIV:1307.7149;%%}
}

@Article{Cohen:2013zla,
  Title                    = {{A Comparison of Future Proton Colliders Using SUSY Simplified Models: A Snowmass Whitepaper}},
  Author                   = {Cohen, Timothy and Golling, Tobias and Hance, Mike and Henrichs, Anna and Howe, Kiel and others},
  Year                     = {2013},
  Eprint                   = {1310.0077},

  Archiveprefix            = {arXiv},
  Primaryclass             = {hep-ph},
  Slaccitation             = {%%CITATION = ARXIV:1310.0077;%%}
}

@Article{Fowlie:2014awa,
  Title                    = {{Prospects for constrained supersymmetry at $\sqrt{s}=33\,\text{TeV}$ and $\sqrt{s}=100\,\text{TeV}$ proton-proton super-colliders}},
  Author                   = {Fowlie, Andrew and Raidal, Martti},
  Journal                  = {Eur.Phys.J.},
  Year                     = {2014},
  Doi                      = {10.1140/epjc/s10052-014-2948-6},
  Eprint                   = {1402.5419},
  Pages                    = {2948},
  Volume                   = {C74},

  Archiveprefix            = {arXiv},
  Primaryclass             = {hep-ph},
  Slaccitation             = {%%CITATION = ARXIV:1402.5419;%%}
}

@Article{Fowlie:2014xha,
  Title                    = {{CMSSM, naturalness and the ``fine-tuning price'' of the Very Large Hadron Collider}},
  Author                   = {Fowlie, Andrew},
  Journal                  = {Phys.Rev.},
  Year                     = {2014},
  Doi                      = {10.1103/PhysRevD.90.015010},
  Eprint                   = {1403.3407},
  Number                   = {1},
  Pages                    = {015010},
  Volume                   = {D90},

  Archiveprefix            = {arXiv},
  Primaryclass             = {hep-ph},
  Slaccitation             = {%%CITATION = ARXIV:1403.3407;%%}
}

@Article{Borschensky:2014cia,
  Title                    = {{Squark and gluino production cross sections in pp collisions at $\sqrt{s} = 13$, 14, 33 and 100\,TeV}},
  Author                   = {Borschensky, Christoph and Krämer, Michael and Kulesza, Anna and Mangano, Michelangelo and Padhi, Sanjay and others},
  Journal                  = {Eur.Phys.J.},
  Year                     = {2014},
  Doi                      = {10.1140/epjc/s10052-014-3174-y},
  Eprint                   = {1407.5066},
  Number                   = {12},
  Pages                    = {3174},
  Volume                   = {C74},

  Archiveprefix            = {arXiv},
  Primaryclass             = {hep-ph},
  Reportnumber             = {MS-TP-14-25, CERN-PH-TH-2014-137, TTK-14-13},
  Slaccitation             = {%%CITATION = ARXIV:1407.5066;%%}
}

@Article{Wen:2014mha,
  Title                    = {{Probing triple-W production and anomalous WWWW coupling at the CERN LHC and future $\mathcal{O}$(100)\,TeV proton-proton collider}},
  Author                   = {Wen, Yiwen and Qu, Huilin and Yang, Daneng and Yan, Qi-shu and Li, Qiang and others},
  Journal                  = {JHEP},
  Year                     = {2015},
  Doi                      = {10.1007/JHEP03(2015)025},
  Eprint                   = {1407.4922},
  Pages                    = {025},
  Volume                   = {1503},

  Archiveprefix            = {arXiv},
  Primaryclass             = {hep-ph},
  Slaccitation             = {%%CITATION = ARXIV:1407.4922;%%}
}

@Article{Alva:2014gxa,
  Title                    = {{Heavy Majorana neutrinos from $W\gamma$ fusion at hadron colliders}},
  Author                   = {Alva, Daniel and Han, Tao and Ruiz, Richard},
  Journal                  = {JHEP},
  Year                     = {2015},
  Doi                      = {10.1007/JHEP02(2015)072},
  Eprint                   = {1411.7305},
  Pages                    = {072},
  Volume                   = {1502},

  Archiveprefix            = {arXiv},
  Primaryclass             = {hep-ph},
  Reportnumber             = {PITT-PACC-1407},
  Slaccitation             = {%%CITATION = ARXIV:1411.7305;%%}
}

@Article{Ellis:2014kla,
  Title                    = {{Superpartners at LHC and Future Colliders: Predictions from Constrained Compactified M-Theory}},
  Author                   = {Ellis, Sebastian A. R. and Kane, Gordon L. and Zheng, Bob},
  Year                     = {2014},
  Eprint                   = {1408.1961},

  Archiveprefix            = {arXiv},
  Primaryclass             = {hep-ph},
  Reportnumber             = {MCTP-14-26},
  Slaccitation             = {%%CITATION = ARXIV:1408.1961;%%}
}

@Article{Anchordoqui:2014wha,
  Title                    = {{String Resonances at Hadron Colliders}},
  Author                   = {Anchordoqui, Luis A. and Antoniadis, Ignatios and Dai, De-Chang and Feng, Wan-Zhe and Goldberg, Haim and others},
  Journal                  = {Phys.Rev.},
  Year                     = {2014},
  Doi                      = {10.1103/PhysRevD.90.066013},
  Eprint                   = {1407.8120},
  Number                   = {6},
  Pages                    = {066013},
  Volume                   = {D90},

  Archiveprefix            = {arXiv},
  Primaryclass             = {hep-ph},
  Reportnumber             = {MPP-2014-314, LMU-ASC-48-14, CERN-PH-TH-2014-143, MPP--2014--314},
  Slaccitation             = {%%CITATION = ARXIV:1407.8120;%%}
}

@Article{diCortona:2014yua,
  Title                    = {{Hunting electroweakinos at future hadron colliders and direct detection experiments}},
  Author                   = {di Cortona, Giovanni Grilli},
  Journal                  = {JHEP},
  Year                     = {2015},
  Doi                      = {10.1007/JHEP05(2015)035},
  Eprint                   = {1412.5952},
  Pages                    = {035},
  Volume                   = {1505},

  Archiveprefix            = {arXiv},
  Primaryclass             = {hep-ph},
  Slaccitation             = {%%CITATION = ARXIV:1412.5952;%%}
}

@Article{Acharya:2014pua,
  Title                    = {{Prospects for observing charginos and neutralinos at a 100\,TeV proton-proton collider}},
  Author                   = {Acharya, Bobby S. and Bożek, Krzysztof and Pongkitivanichkul, Chakrit and Sakurai, Kazuki},
  Journal                  = {JHEP},
  Year                     = {2015},
  Doi                      = {10.1007/JHEP02(2015)181},
  Eprint                   = {1410.1532},
  Pages                    = {181},
  Volume                   = {1502},

  Archiveprefix            = {arXiv},
  Primaryclass             = {hep-ph},
  Slaccitation             = {%%CITATION = ARXIV:1410.1532;%%}
}

@Article{Gori:2014oua,
  Title                    = {{Prospects for Electroweakino Discovery at a 100\,TeV Hadron Collider}},
  Author                   = {Gori, Stefania and Jung, Sunghoon and Wang, Lian-Tao and Wells, James D.},
  Journal                  = {JHEP},
  Year                     = {2014},
  Doi                      = {10.1007/JHEP12(2014)108},
  Eprint                   = {1410.6287},
  Pages                    = {108},
  Volume                   = {1412},

  Archiveprefix            = {arXiv},
  Primaryclass             = {hep-ph},
  Reportnumber             = {KIAS-P14050},
  Slaccitation             = {%%CITATION = ARXIV:1410.6287;%%}
}

