% This file was created with JabRef devel - 1st edition family.
% Encoding: UTF8


@Article{Rajaraman:2007ae,
  Title                    = {{Determining Spins of Metastable Sleptons at the Large Hadron Collider}},
  Author                   = {Rajaraman, Arvind and Smith, Bryan T.},
  Journal                  = {Phys.Rev.},
  Year                     = {2007},
  Doi                      = {10.1103/PhysRevD.76.115004},
  Eprint                   = {0708.3100},
  Pages                    = {115004},
  Volume                   = {D76},

  Archiveprefix            = {arXiv},
  Primaryclass             = {hep-ph},
  Slaccitation             = {%%CITATION = ARXIV:0708.3100;%%}
}

@Article{Feng:2015wqa,
  Title                    = {{Long-Lived Sleptons at the LHC and a 100 TeV Proton Collider}},
  Author                   = {Feng, Jonathan L. and Iwamoto, Sho and Shadmi, Yael and Tarem, Shlomit},
  Year                     = {2015},
  Eprint                   = {1505.02996},

  Archiveprefix            = {arXiv},
  Primaryclass             = {hep-ph},
  Reportnumber             = {UCI-TR-2015-02},
  Slaccitation             = {%%CITATION = ARXIV:1505.02996;%%}
}

@Article{Barr:2004ze,
  Title                    = {{Determining the spin of supersymmetric particles at the LHC using lepton charge asymmetry}},
  Author                   = {Barr, A.J.},
  Journal                  = {Phys.Lett.},
  Year                     = {2004},
  Doi                      = {10.1016/j.physletb.2004.06.074},
  Eprint                   = {hep-ph/0405052},
  Pages                    = {205-212},
  Volume                   = {B596},

  Archiveprefix            = {arXiv},
  Primaryclass             = {hep-ph},
  Reportnumber             = {CAVENDISH-HEP-2004-14},
  Slaccitation             = {%%CITATION = HEP-PH/0405052;%%}
}

@Article{Smillie:2005ar,
  Title                    = {{Distinguishing spins in supersymmetric and universal extra dimension models at the large hadron collider}},
  Author                   = {Smillie, Jennifer M. and Webber, Bryan R.},
  Journal                  = {JHEP},
  Year                     = {2005},
  Doi                      = {10.1088/1126-6708/2005/10/069},
  Eprint                   = {hep-ph/0507170},
  Pages                    = {069},
  Volume                   = {0510},

  Archiveprefix            = {arXiv},
  Primaryclass             = {hep-ph},
  Reportnumber             = {CAVENDISH-HEP-05-11},
  Slaccitation             = {%%CITATION = HEP-PH/0507170;%%}
}

@Article{Datta:2005zs,
  Title                    = {{Discrimination of supersymmetry and universal extra dimensions at hadron colliders}},
  Author                   = {Datta, AseshKrishna and Kong, Kyoungchul and Matchev, Konstantin T.},
  Journal                  = {Phys.Rev.},
  Year                     = {2005},
  Doi                      = {10.1103/PhysRevD.72.096006, 10.1103/PhysRevD.72.119901},
  Eprint                   = {hep-ph/0509246},
  Pages                    = {096006},
  Volume                   = {D72},

  Archiveprefix            = {arXiv},
  Primaryclass             = {hep-ph},
  Reportnumber             = {MCTP-05-93, UFIFT-HEP-05-14},
  Slaccitation             = {%%CITATION = HEP-PH/0509246;%%}
}

@Article{Athanasiou:2006ef,
  Title                    = {{Distinguishing Spins in Decay Chains at the Large Hadron Collider}},
  Author                   = {Athanasiou, Christiana and Lester, Christopher G. and Smillie, Jennifer M. and Webber, Bryan R.},
  Journal                  = {JHEP},
  Year                     = {2006},
  Doi                      = {10.1088/1126-6708/2006/08/055},
  Eprint                   = {hep-ph/0605286},
  Pages                    = {055},
  Volume                   = {0608},

  Archiveprefix            = {arXiv},
  Primaryclass             = {hep-ph},
  Reportnumber             = {CAVENDISH-HEP-06-11},
  Slaccitation             = {%%CITATION = HEP-PH/0605286;%%}
}

@Article{Wang:2006hk,
  Title                    = {{Spin measurements in cascade decays at the LHC}},
  Author                   = {Wang, Lian-Tao and Yavin, Itay},
  Journal                  = {JHEP},
  Year                     = {2007},
  Doi                      = {10.1088/1126-6708/2007/04/032},
  Eprint                   = {hep-ph/0605296},
  Pages                    = {032},
  Volume                   = {0704},

  Archiveprefix            = {arXiv},
  Primaryclass             = {hep-ph},
  Slaccitation             = {%%CITATION = HEP-PH/0605296;%%}
}

@Article{Barr:2005dz,
  Title                    = {{Measuring slepton spin at the LHC}},
  Author                   = {Barr, A.J.},
  Journal                  = {JHEP},
  Year                     = {2006},
  Doi                      = {10.1088/1126-6708/2006/02/042},
  Eprint                   = {hep-ph/0511115},
  Pages                    = {042},
  Volume                   = {0602},

  Archiveprefix            = {arXiv},
  Primaryclass             = {hep-ph},
  Reportnumber             = {ATL-PHYS-PUB-2005-023},
  Slaccitation             = {%%CITATION = HEP-PH/0511115;%%}
}

@Article{Alves:2006df,
  Title                    = {{It's a gluino}},
  Author                   = {Alves, Alexandre and Eboli, Oscar and Plehn, Tilman},
  Journal                  = {Phys.Rev.},
  Year                     = {2006},
  Doi                      = {10.1103/PhysRevD.74.095010},
  Eprint                   = {hep-ph/0605067},
  Pages                    = {095010},
  Volume                   = {D74},

  Archiveprefix            = {arXiv},
  Primaryclass             = {hep-ph},
  Reportnumber             = {MPP-2006-42},
  Slaccitation             = {%%CITATION = HEP-PH/0605067;%%}
}

@Article{Feng:1995zd,
  Title                    = {{Testing supersymmetry at the next linear collider}},
  Author                   = {Feng, Jonathan L. and Peskin, Michael E. and Murayama, Hitoshi and Tata, Xerxes Ramyar},
  Journal                  = {Phys.Rev.},
  Year                     = {1995},
  Doi                      = {10.1103/PhysRevD.52.1418},
  Eprint                   = {hep-ph/9502260},
  Pages                    = {1418-1432},
  Volume                   = {D52},

  Archiveprefix            = {arXiv},
  Primaryclass             = {hep-ph},
  Reportnumber             = {SLAC-PUB-6654, LBL-36101, UH-511-804-94},
  Slaccitation             = {%%CITATION = HEP-PH/9502260;%%}
}

@Article{Bhattacherjee:2005qe,
  Title                    = {{The International linear collider as a Kaluza-Klein factory}},
  Author                   = {Bhattacherjee, Biplob and Kundu, Anirban},
  Journal                  = {Phys.Lett.},
  Year                     = {2005},
  Doi                      = {10.1016/j.physletb.2005.08.120},
  Eprint                   = {hep-ph/0508170},
  Pages                    = {137-144},
  Volume                   = {B627},

  Archiveprefix            = {arXiv},
  Primaryclass             = {hep-ph},
  Reportnumber             = {CU-PHYSICS-15-2005},
  Slaccitation             = {%%CITATION = HEP-PH/0508170;%%}
}

@Article{Battaglia:2005zf,
  Title                    = {{Contrasting supersymmetry and universal extra dimensions at the clic multi-TeV e+ e- collider}},
  Author                   = {Battaglia, Marco and Datta, AseshKrishna and De Roeck, Albert and Kong, Kyoungchul and Matchev, Konstantin T.},
  Journal                  = {JHEP},
  Year                     = {2005},
  Doi                      = {10.1088/1126-6708/2005/07/033},
  Eprint                   = {hep-ph/0502041},
  Pages                    = {033},
  Volume                   = {0507},

  Archiveprefix            = {arXiv},
  Primaryclass             = {hep-ph},
  Reportnumber             = {UFIFT-HEP-05-05, MCTP-05-42},
  Slaccitation             = {%%CITATION = HEP-PH/0502041;%%}
}

@Article{Bhattacharyya:2005vm,
  Title                    = {{Probing universal extra dimension at the international linear collider}},
  Author                   = {Bhattacharyya, Gautam and Dey, Paramita and Kundu, Anirban and Raychaudhuri, Amitava},
  Journal                  = {Phys.Lett.},
  Year                     = {2005},
  Doi                      = {10.1016/j.physletb.2005.08.117},
  Eprint                   = {hep-ph/0502031},
  Pages                    = {141-147},
  Volume                   = {B628},

  Archiveprefix            = {arXiv},
  Primaryclass             = {hep-ph},
  Reportnumber             = {SINP-TNP-05-01, CU-PHYSICS-01-2005},
  Slaccitation             = {%%CITATION = HEP-PH/0502031;%%}
}

@Article{Riemann:2005es,
  Title                    = {{Z' signals from Kaluza-Klein dark matter}},
  Author                   = {Riemann, S.},
  Journal                  = {eConf},
  Year                     = {2005},
  Eprint                   = {hep-ph/0508136},
  Pages                    = {0303},
  Url                      = {http://www.slac.stanford.edu/econf/C050318/papers/0303.PDF},
  Volume                   = {C050318},

  Archiveprefix            = {arXiv},
  Primaryclass             = {hep-ph},
  Reportnumber             = {LCWS-2005-0303},
  Slaccitation             = {%%CITATION = HEP-PH/0508136;%%}
}

@Article{Goto:2004cpa,
  Title                    = {{Study of the slepton non-universality at the CERN large hadron collider}},
  Author                   = {Goto, Toru and Kawagoe, Kiyotomo and Nojiri, Mihoko M.},
  Journal                  = {Phys.Rev.},
  Year                     = {2004},
  Doi                      = {10.1103/PhysRevD.70.075016, 10.1103/PhysRevD.71.059902},
  Eprint                   = {hep-ph/0406317},
  Pages                    = {075016},
  Volume                   = {D70},

  Archiveprefix            = {arXiv},
  Primaryclass             = {hep-ph},
  Reportnumber             = {YITP-04-35},
  Slaccitation             = {%%CITATION = HEP-PH/0406317;%%}
}

@Article{Alves:2007xt,
  Title                    = {{Unravelling the sbottom spin at the CERN LHC}},
  Author                   = {Alves, Alexandre and Eboli, Oscar},
  Journal                  = {Phys.Rev.},
  Year                     = {2007},
  Doi                      = {10.1103/PhysRevD.75.115013},
  Eprint                   = {0704.0254},
  Pages                    = {115013},
  Volume                   = {D75},

  Archiveprefix            = {arXiv},
  Primaryclass             = {hep-ph},
  Slaccitation             = {%%CITATION = ARXIV:0704.0254;%%}
}

@Article{Datta:2005vx,
  Title                    = {{Is it SUSY?}},
  Author                   = {Datta, AseshKrishna and Kane, Gordon L. and Toharia, Manuel},
  Year                     = {2005},
  Eprint                   = {hep-ph/0510204},

  Archiveprefix            = {arXiv},
  Primaryclass             = {hep-ph},
  Reportnumber             = {MCTP-05-95},
  Slaccitation             = {%%CITATION = HEP-PH/0510204;%%}
}

@Article{Smillie:2006cd,
  Title                    = {{Spin correlations in decay chains involving W bosons}},
  Author                   = {Smillie, Jennifer M.},
  Journal                  = {Eur.Phys.J.},
  Year                     = {2007},
  Doi                      = {10.1140/epjc/s10052-007-0330-7},
  Eprint                   = {hep-ph/0609296},
  Pages                    = {933-943},
  Volume                   = {C51},

  Archiveprefix            = {arXiv},
  Primaryclass             = {hep-ph},
  Reportnumber             = {CAVENDISH-HEP-06-20},
  Slaccitation             = {%%CITATION = HEP-PH/0609296;%%}
}

@Article{Kilic:2007zk,
  Title                    = {{On the existence of angular correlations in decays with heavy matter partners}},
  Author                   = {Kilic, Can and Wang, Lian-Tao and Yavin, Itay},
  Journal                  = {JHEP},
  Year                     = {2007},
  Doi                      = {10.1088/1126-6708/2007/05/052},
  Eprint                   = {hep-ph/0703085},
  Pages                    = {052},
  Volume                   = {0705},

  Archiveprefix            = {arXiv},
  Primaryclass             = {hep-ph},
  Slaccitation             = {%%CITATION = HEP-PH/0703085;%%}
}

@Article{Kim:2011zzg,
  Title                    = {{Mass and spin measurement in squark cascade decay $\tilde q_L \rightarrow q\tilde\chi_2^0\rightarrow q Z \tilde\chi_1^0 \rightarrow q l l \tilde\chi_1^0$}},
  Author                   = {Kim, Yeong-Gyun},
  Journal                  = {Mod.Phys.Lett.},
  Year                     = {2011},
  Doi                      = {10.1142/S0217732311035857},
  Pages                    = {1407-1411},
  Volume                   = {A26},

  Slaccitation             = {%%CITATION = MPLAE,A26,1407;%%}
}

@Article{Meade:2006dw,
  Title                    = {{Top partners at the LHC: Spin and mass measurement}},
  Author                   = {Meade, Patrick and Reece, Matthew},
  Journal                  = {Phys.Rev.},
  Year                     = {2006},
  Doi                      = {10.1103/PhysRevD.74.015010},
  Eprint                   = {hep-ph/0601124},
  Pages                    = {015010},
  Volume                   = {D74},

  Archiveprefix            = {arXiv},
  Primaryclass             = {hep-ph},
  Slaccitation             = {%%CITATION = HEP-PH/0601124;%%}
}

@Article{Csaki:2007xm,
  Title                    = {{Testing gluino spin with three-body decays}},
  Author                   = {Csaki, Csaba and Heinonen, Johannes and Perelstein, Maxim},
  Journal                  = {JHEP},
  Year                     = {2007},
  Doi                      = {10.1088/1126-6708/2007/10/107},
  Eprint                   = {0707.0014},
  Pages                    = {107},
  Volume                   = {0710},

  Archiveprefix            = {arXiv},
  Primaryclass             = {hep-ph},
  Slaccitation             = {%%CITATION = ARXIV:0707.0014;%%}
}

@Article{Kane:2008kw,
  Title                    = {{Initial determination of the spins of the gluino and squarks at LHC}},
  Author                   = {Kane, Gordon L. and Petrov, Alexey A. and Shao, Jing and Wang, Lian-Tao},
  Journal                  = {J.Phys.},
  Year                     = {2010},
  Doi                      = {10.1088/0954-3899/37/4/045004},
  Eprint                   = {0805.1397},
  Pages                    = {045004},
  Volume                   = {G37},

  Archiveprefix            = {arXiv},
  Primaryclass             = {hep-ph},
  Reportnumber             = {WSU-HEP-0805, MCTP-08-44, NSF-KITP-0861},
  Slaccitation             = {%%CITATION = ARXIV:0805.1397;%%}
}

@Article{Horsky:2008yi,
  Title                    = {{Squark Cascade Decays to Charginos/Neutralinos: Gluon Radiation}},
  Author                   = {Horsky, Roman and Kramer, Michael, 1 and Muck, Alexander and Zerwas, Peter M.},
  Journal                  = {Phys.Rev.},
  Year                     = {2008},
  Doi                      = {10.1103/PhysRevD.78.035004},
  Eprint                   = {0803.2603},
  Pages                    = {035004},
  Volume                   = {D78},

  Archiveprefix            = {arXiv},
  Primaryclass             = {hep-ph},
  Reportnumber             = {DESY-08-030, LPT-ORSAY-08-31, PITHA-08-06, PSI-PR-08-03},
  Slaccitation             = {%%CITATION = ARXIV:0803.2603;%%}
}

@Article{Choi:2008pi,
  Title                    = {{Testing the Majorana Nature of Gluinos and Neutralinos}},
  Author                   = {Choi, S.Y. and Drees, M. and Freitas, A. and Zerwas, P.M.},
  Journal                  = {Phys.Rev.},
  Year                     = {2008},
  Doi                      = {10.1103/PhysRevD.78.095007},
  Eprint                   = {0808.2410},
  Pages                    = {095007},
  Volume                   = {D78},

  Archiveprefix            = {arXiv},
  Primaryclass             = {hep-ph},
  Reportnumber             = {DESY-08-113, PITHA-08-19},
  Slaccitation             = {%%CITATION = ARXIV:0808.2410;%%}
}

@Article{Alves:2008up,
  Title                    = {{Deciphering the spin of new resonances in Higgsless models}},
  Author                   = {Alves, Alexandre and Eboli, O.J.P. and Gonzalez-Garcia, M.C. and Mizukoshi, J.K.},
  Journal                  = {Phys.Rev.},
  Year                     = {2009},
  Doi                      = {10.1103/PhysRevD.79.035009},
  Eprint                   = {0810.1952},
  Pages                    = {035009},
  Volume                   = {D79},

  Archiveprefix            = {arXiv},
  Primaryclass             = {hep-ph},
  Reportnumber             = {YITP-SB-08-44},
  Slaccitation             = {%%CITATION = ARXIV:0810.1952;%%}
}

@Article{Athanasiou:2006hv,
  Title                    = {{Addendum to Distinguishing Spins in Decay Chains at the Large Hadron Collider}},
  Author                   = {Athanasiou, Christiana and Lester, Christopher G. and Smillie, Jennifer M. and Webber, Bryan R.},
  Year                     = {2006},
  Eprint                   = {hep-ph/0606212},

  Archiveprefix            = {arXiv},
  Primaryclass             = {hep-ph},
  Reportnumber             = {CAVENDISH-HEP-06-15},
  Slaccitation             = {%%CITATION = HEP-PH/0606212;%%}
}

@Article{Burns:2008cp,
  Title                    = {{A General Method for Model-Independent Measurements of Particle Spins, Couplings and Mixing Angles in Cascade Decays with Missing Energy at Hadron Colliders}},
  Author                   = {Burns, Michael and Kong, Kyoungchul and Matchev, Konstantin T. and Park, Myeonghun},
  Journal                  = {JHEP},
  Year                     = {2008},
  Doi                      = {10.1088/1126-6708/2008/10/081},
  Eprint                   = {0808.2472},
  Pages                    = {081},
  Volume                   = {0810},

  Archiveprefix            = {arXiv},
  Primaryclass             = {hep-ph},
  Reportnumber             = {FERMILAB-PUB-08-255-T, UFIFT-HEP-08-11},
  Slaccitation             = {%%CITATION = ARXIV:0808.2472;%%}
}

@Article{Graesser:2008qi,
  Title                    = {{Probing Supersymmetry With Third-Generation Cascade Decays}},
  Author                   = {Graesser, Michael and Shelton, Jessie},
  Journal                  = {JHEP},
  Year                     = {2009},
  Doi                      = {10.1088/1126-6708/2009/06/039},
  Eprint                   = {0811.4445},
  Pages                    = {039},
  Volume                   = {0906},

  Archiveprefix            = {arXiv},
  Primaryclass             = {hep-ph},
  Reportnumber             = {RU-NHETC-2008-26},
  Slaccitation             = {%%CITATION = ARXIV:0811.4445;%%}
}

@Article{Ehrenfeld:2009rt,
  Title                    = {{Distinguishing spins in decay chains with photons at the Large Hadron Collider}},
  Author                   = {Ehrenfeld, Wolfgang and Freitas, Ayres and Landwehr, Ananda and Wyler, Daniel},
  Journal                  = {JHEP},
  Year                     = {2009},
  Doi                      = {10.1088/1126-6708/2009/07/056},
  Eprint                   = {0904.1293},
  Pages                    = {056},
  Volume                   = {0907},

  Archiveprefix            = {arXiv},
  Primaryclass             = {hep-ph},
  Reportnumber             = {DESY-09-048, MPP-2009-23, ZU-TH-01-09},
  Slaccitation             = {%%CITATION = ARXIV:0904.1293;%%}
}

@Article{Hallenbeck:2008hf,
  Title                    = {{Model Discrimination with the CMS Detector: A Case Study}},
  Author                   = {Hallenbeck, Gregory and Perelstein, Maxim and Spethmann, Christian and Thom, Julia and Vaughan, Jennifer},
  Journal                  = {Phys.Rev.},
  Year                     = {2009},
  Doi                      = {10.1103/PhysRevD.79.075024},
  Eprint                   = {0812.3135},
  Pages                    = {075024},
  Volume                   = {D79},

  Archiveprefix            = {arXiv},
  Primaryclass             = {hep-ph},
  Slaccitation             = {%%CITATION = ARXIV:0812.3135;%%}
}

@Article{Hisano:2008ng,
  Title                    = {{Discriminating Electroweak-ino Parameter Ordering at the LHC and Its Impact on LFV Studies}},
  Author                   = {Hisano, Junji and Nojiri, Mihoko M. and Sreethawong, Warintorn},
  Journal                  = {JHEP},
  Year                     = {2009},
  Doi                      = {10.1088/1126-6708/2009/06/044},
  Eprint                   = {0812.4496},
  Pages                    = {044},
  Volume                   = {0906},

  Archiveprefix            = {arXiv},
  Primaryclass             = {hep-ph},
  Slaccitation             = {%%CITATION = ARXIV:0812.4496;%%}
}

@Article{Alwall:2007ed,
  Title                    = {{Same-Sign Charginos and Majorana Neutralinos at the CERN LHC}},
  Author                   = {Alwall, Johan and Rainwater, Dave and Plehn, Tilman},
  Journal                  = {Phys.Rev.},
  Year                     = {2007},
  Doi                      = {10.1103/PhysRevD.76.055006},
  Eprint                   = {0706.0536},
  Pages                    = {055006},
  Volume                   = {D76},

  Archiveprefix            = {arXiv},
  Primaryclass             = {hep-ph},
  Reportnumber             = {SLAC-PUB-12579},
  Slaccitation             = {%%CITATION = ARXIV:0706.0536;%%}
}

@Article{Gedalia:2009ym,
  Title                    = {{Spin Determination via Third Generation Cascade Decays}},
  Author                   = {Gedalia, Oram and Lee, Seung J. and Perez, Gilad},
  Journal                  = {Phys.Rev.},
  Year                     = {2009},
  Doi                      = {10.1103/PhysRevD.80.035012},
  Eprint                   = {0901.4438},
  Pages                    = {035012},
  Volume                   = {D80},

  Archiveprefix            = {arXiv},
  Primaryclass             = {hep-ph},
  Reportnumber             = {WIS-01-09-JAN-DPP},
  Slaccitation             = {%%CITATION = ARXIV:0901.4438;%%}
}

