% This file was created with JabRef 2.10dev.
% Encoding: UTF8


@Article{Sierra:2014nqa,
  Title                    = {{Explaining the CMS Higgs flavor violating decay excess}},
  Author                   = {Sierra, D. Aristizabal and Vicente, A.},
  Year                     = {2014},
  Eprint                   = {1409.7690},
  Url                      = {http://arxiv.org/abs/1409.7690},

  Archiveprefix            = {arXiv},
  File                     = {:http\://arxiv.org/pdf/1409.7690:PDF},
  Primaryclass             = {hep-ph},
  Slaccitation             = {%%CITATION = ARXIV:1409.7690;%%}
}

@Article{Falkowski:2013jya,
  Title                    = {{Vector-like leptons: Higgs decays and collider phenomenology}},
  Author                   = {Falkowski, Adam and Straub, David M. and Vicente, Avelino},
  Journal                  = {JHEP},
  Year                     = {2014},
  Doi                      = {10.1007/JHEP05(2014)092},
  Eprint                   = {1312.5329},
  Pages                    = {092},
  Url                      = {http://arxiv.org/abs/1312.5329},
  Volume                   = {1405},

  Archiveprefix            = {arXiv},
  File                     = {:http\://arxiv.org/pdf/1312.5329:PDF},
  Primaryclass             = {hep-ph},
  Reportnumber             = {LPT-ORSAY-13-141},
  Slaccitation             = {%%CITATION = ARXIV:1312.5329;%%}
}

@Article{Campos:2014zaa,
  Title                    = {{Higgs $\rightarrow$ $\mu\tau$ as an indication for $S_4$ flavor symmetry}},
  Author                   = {Campos, Miguel D. and Hernández, A. E. Cárcamo and Päs, Heinrich and Schumacher, Erik},
  Year                     = {2014},
  Eprint                   = {1408.1652},
  Url                      = {http://arxiv.org/abs/1408.1652},

  Archiveprefix            = {arXiv},
  File                     = {:http\://arxiv.org/pdf/1408.1652:PDF},
  Primaryclass             = {hep-ph},
  Slaccitation             = {%%CITATION = ARXIV:1408.1652;%%}
}

@Article{Blankenburg:2012ex,
  Title                    = {{Flavour-Changing Decays of a 125 GeV Higgs-like Particle}},
  Author                   = {Blankenburg, Gianluca and Ellis, John and Isidori, Gino},
  Journal                  = {Phys.Lett.},
  Year                     = {2012},
  Doi                      = {10.1016/j.physletb.2012.05.007},
  Eprint                   = {1202.5704},
  Pages                    = {386-390},
  Url                      = {http://arxiv.org/abs/1202.5704},
  Volume                   = {B712},

  Archiveprefix            = {arXiv},
  File                     = {:http\://arxiv.org/pdf/1202.5704:PDF},
  Primaryclass             = {hep-ph},
  Reportnumber             = {CERN-PH-TH-2012-049, KCL-PH-TH-2012-09, LCTS-2012-05},
  Slaccitation             = {%%CITATION = ARXIV:1202.5704;%%}
}

@Article{Dery:2014kxa,
  Title                    = {{Model building for flavor changing Higgs couplings}},
  Author                   = {Dery, Avital and Efrati, Aielet and Nir, Yosef and Soreq, Yotam and Susič, Vasja},
  Year                     = {2014},
  Eprint                   = {1408.1371},
  Url                      = {http://arxiv.org/abs/1408.1371},

  Archiveprefix            = {arXiv},
  File                     = {:http\://arxiv.org/pdf/1408.1371:PDF},
  Primaryclass             = {hep-ph},
  Slaccitation             = {%%CITATION = ARXIV:1408.1371;%%}
}

@Article{Chatrchyan:2012zz,
  Title                    = {{Performance of tau-lepton reconstruction and identification in CMS}},
  Author                   = {Chatrchyan, Serguei and others},
  Journal                  = {JINST},
  Year                     = {2012},
  Doi                      = {10.1088/1748-0221/7/01/P01001},
  Eprint                   = {1109.6034},
  Pages                    = {P01001},
  Url                      = {http://arxiv.org/abs/1109.6034},
  Volume                   = {7},

  Archiveprefix            = {arXiv},
  Collaboration            = {CMS Collaboration},
  File                     = {:http\://arxiv.org/pdf/1109.6034:PDF},
  Primaryclass             = {physics.ins-det},
  Reportnumber             = {CERN-PH-EP-2011-137, CMS-TAU-11-001},
  Slaccitation             = {%%CITATION = ARXIV:1109.6034;%%}
}

@Article{Lee:2014rba,
  Title                    = {{Lepton-Flavored Scalar Dark Matter with Minimal Flavor Violation}},
  Author                   = {Lee, Chao-Jung and Tandean, Jusak},
  Year                     = {2014},
  Eprint                   = {1410.6803},
  Url                      = {http://arxiv.org/abs/1410.6803},

  Archiveprefix            = {arXiv},
  File                     = {:http\://arxiv.org/pdf/1410.6803:PDF},
  Primaryclass             = {hep-ph},
  Slaccitation             = {%%CITATION = ARXIV:1410.6803;%%}
}

@Article{Harnik:2012pb,
  Title                    = {{Flavor Violating Higgs Decays}},
  Author                   = {Harnik, Roni and Kopp, Joachim and Zupan, Jure},
  Journal                  = {JHEP},
  Year                     = {2013},
  Doi                      = {10.1007/JHEP03(2013)026},
  Eprint                   = {1209.1397},
  Pages                    = {026},
  Url                      = {http://arxiv.org/abs/1209.1397},
  Volume                   = {1303},

  Archiveprefix            = {arXiv},
  File                     = {:http\://arxiv.org/pdf/1209.1397:PDF},
  Primaryclass             = {hep-ph},
  Reportnumber             = {FERMILAB-PUB-12-498-T},
  Slaccitation             = {%%CITATION = ARXIV:1209.1397;%%}
}

@Article{CMSPASHIG14005,
  Title                    = {{Search for Lepton Flavour Violating Decays of the Higgs Boson}},
  Author                   = {CMS Collaboration},
  Year                     = {2014},

  Collaboration            = {CMS Collaboration},
  Report                   = {CMS-PAS-HIG-14-005},
  Reportnumber             = {CMS-PAS-HIG-14-005},
  Slaccitation             = {%%CITATION = CMS-PAS-HIG-14-005 ETC.;%%}
}

